@online{unity3dglossary,
author = {Unity},
title = {Unity 3D Glossary},
year = {2018},
url = {https://docs.unity3d.com/manual/glossary.html},
}

@online{unity3dtutorial,
author = {Unity},
title = {Unity 3D Tutorial},
year = {2018},
url = {https://unity3d.com/de/learn/tutorials},
}

@online{csomormaturaarbeit19github,
author = {Elias Csomor},
title = {Maturaarbeit},
year = {2019},
url = {https://github.com/ecsomor/maturaarbeit19},
}
